@inproceedings{1,
  author    = {I. V. Sita and B. David},
  title     = {Development and Implementation of a Comprehensive Smart Home Automation System Using Home Assistant and IoT Devices},
  journal   = {2024 4th International Conference on Electrical, Computer, Communications and Mechatronics Engineering (ICECCME)},
  year      = {2024},
  pages     = {1--7}
}

@article{2,
  author    = {B. Lashkari and Y. Chen and P. Musilek},
  title     = {Energy Management for Smart Homesâ€”State of the Art},
  journal   = {Applied Sciences},
  volume    = {9},
  number    = {17},
  year      = {2019},
  pages     = {3459}
}

@article{3,
  author    = {M. Tastan},
  title     = {Internet of Things based Smart Energy Management for Smart Home},
  journal   = {KSII Transactions on Internet and Information Systems},
  volume    = {13},
  number    = {6},
  year      = {2019},
  pages     = {2965--2984}
}

@article{4,
  author    = {H. Touqeer and S. Zaman and R. Amin and A. Al-Dhelaan and M. A. Khan and M. S. Hossain},
  title     = {Smart home security: challenges, issues and solutions at different IoT layers},
  journal   = {The Journal of Supercomputing},
  volume    = {77},
  year      = {2021},
  pages     = {14053--14089}
}

@inproceedings{5,
  author    = {V. Miori and D. Russo},
  title     = {Domotic Evolution towards the IoT},
  journal   = {2014 28th International Conference on Advanced Information Networking and Applications Workshops},
  year      = {2014},
  pages     = {809--814}
}

@book{6,
  author    = {R. Jain},
  title     = {Getting Started with Home Assistant},
  journal   = {Advanced Home Automation Using Raspberry Pi},
  year      = {2021}
}

@inproceedings{7,
  author    = {P. Patel and N. Shaikh},
  title     = {Smart home dashboard},
  journal   = {AIP Conf. Proc.},
  volume    = {3255},
  number    = {1},
  year      = {2025},
  pages     = {040008}
}

@inproceedings{8,
  author    = {H. Lee and W.-K. Park and I.-W. Lee},
  title     = {A Home Energy Management System for Energy-Efficient Smart Homes},
  journal   = {2014 International Conference on Computational Science and Computational Intelligence},
  year      = {2014},
  pages     = {142--145}
}

@inproceedings{9,
  author    = {S. K. Vishwakarma and P. Upadhyaya and B. Kumari and A. K. Mishra},
  title     = {Smart Energy Efficient Home Automation System Using IoT},
  journal   = {2019 4th International Conference on Internet of Things: Smart Innovation and Usages (IoT-SIU)},
  year      = {2019},
  pages     = {1--4}
}

@inproceedings{10,
  author    = {L. Salman and others},
  title     = {Energy efficient IoT-based smart home},
  journal   = {2016 IEEE 3rd World Forum on Internet of Things (WF-IoT)},
  year      = {2016},
  pages     = {526--529}
}

@inproceedings{11,
  author    = {T. Malche and P. Maheshwary},
  title     = {Internet of Things (IoT) for building smart home system},
  journal   = {2017 International Conference on I-SMAC (IoT in Social, Mobile, Analytics and Cloud) (I-SMAC)},
  year      = {2017},
  pages     = {65--70}
}

@misc{homeassistant2023,
  author = {{Home Assistant Community}},
  title = {Home Assistant: Open Source Home Automation},
  howpublished = {\url{https://www.home-assistant.io/}},
  year = {2023}
}

@misc{sunsynk2025,
  author  = {{SlipX06}},
  title  = {Sunsynk Power Flow Card Configuration},
  howpublished = {\url{https://slipx06.github.io/sunsynk-power-flow-card/configuration.html}},
  year = {2025}
}

@misc{hacs2025,
  author = {{Home Assistant Community}},
  title = {Home Assistant Community Store (HACS)},
  howpublished = {\url{https://www.hacs.xyz/}},
  year = {2025}
}